<?xml version="1.0" encoding="UTF-8"?><collection xmlns="http://www.loc.gov/MARC21/slim"><record><leader>00400nam--2200145-i-4500</leader><controlfield tag="001">000024109</controlfield><controlfield tag="002">20161230</controlfield><controlfield tag="005">20161230201035</controlfield><controlfield tag="008">060222s1000------------r-----000-0-eng-d</controlfield><datafield ind1=" " ind2=" " tag="080"><subfield code="a">551.24:551.25:546.4</subfield></datafield><datafield ind1=" " ind2=" " tag="100"><subfield code="a">Hamet, Jean</subfield></datafield><datafield ind1=" " ind2=" " tag="245"><subfield code="a">Etude systematique par la methode 87rb 87sr des processus organiques. these</subfield></datafield><datafield ind1=" " ind2=" " tag="260"><subfield code="a">Paris, Univ. De Paris, 1975. 248 P</subfield></datafield><datafield ind1=" " ind2=" " tag="490"><subfield code="a">These</subfield></datafield><datafield ind1=" " ind2=" " tag="852"><subfield code="a">49789</subfield></datafield></record></collection>